<?xml version="1.0" encoding="UTF-8"?><collection xmlns="http://www.loc.gov/MARC21/slim"><record><leader>00372nam--2200133-i-4500</leader><controlfield tag="001">000016958</controlfield><controlfield tag="002">20161230</controlfield><controlfield tag="005">20161230201032</controlfield><controlfield tag="008">060222s1000------------r-----000-0-eng-d</controlfield><datafield ind1=" " ind2=" " tag="080"><subfield code="a">061.62(9):001.891:539.1</subfield></datafield><datafield ind1=" " ind2=" " tag="245"><subfield code="a">Activities of the research division 1988</subfield></datafield><datafield ind1=" " ind2=" " tag="260"><subfield code="a">Malaysia / Unit Tenaga Nuklear Jabatan Perdana Menteri, 1989 225 P</subfield></datafield><datafield ind1=" " ind2=" " tag="490"><subfield code="a">13.4</subfield></datafield><datafield ind1=" " ind2=" " tag="852"><subfield code="a">79316</subfield></datafield></record></collection>